@misc{test,
    author = "Abc Defgh",
    title = "Test Reference",
}
